@article{longin2001extreme,
  title={Extreme correlation of international equity markets},
  author={Longin, Francois and Solnik, Bruno},
  journal={The journal of finance},
  volume={56},
  number={2},
  pages={649--676},
  year={2001},
  publisher={Wiley Online Library}
}

@article{chabi2017crash,
  title={Crash sensitivity and the cross section of expected stock returns},
  author={Chabi-Yo, Fousseni and Ruenzi, Stefan and Weigert, Florian},
  journal={Journal of Financial and Quantitative Analysis},
  volume={53},
  number={3},
  pages={1059--1100},
  year={2018},
  publisher={Cambridge University Press}
}

@article{agarwal2017tail,
  title={Tail risk in hedge funds: A unique view from portfolio holdings},
  author={Agarwal, Vikas and Ruenzi, Stefan and Weigert, Florian},
  journal={Journal of Financial Economics},
  volume={125},
  number={3},
  pages={610--636},
  year={2017},
  publisher={Elsevier}
}

@article{karagiannis2019tail,
  title={Tail risk and the cross-section of mutual fund expected returns},
  author={Karagiannis, Nikolaos and Tolikas, Konstantinos},
  journal={Journal of Financial and Quantitative Analysis},
  volume={54},
  number={1},
  pages={425--447},
  year={2019},
  publisher={Cambridge University Press}
}

@article{hill1975simple,
  title={A simple general approach to inference about the tail of a distribution},
  author={Hill, Bruce M},
  journal={The annals of statistics},
  pages={1163--1174},
  year={1975},
  publisher={JSTOR}
}

@article{kelly2014tail,
  title={Tail risk and asset prices},
  author={Kelly, Bryan and Jiang, Hao},
  journal={The Review of Financial Studies},
  volume={27},
  number={10},
  pages={2841--2871},
  year={2014},
  publisher={Oxford University Press}
}

@article{kang2010longer,
  title={A longer look at the asymmetric dependence between hedge funds and the equity market},
  author={Kang, Byoung Uk and In, Francis and Kim, Gunky and Kim, Tong Suk},
  journal={Journal of Financial and Quantitative Analysis},
  volume={45},
  number={3},
  pages={763--789},
  year={2010},
  publisher={Cambridge University Press}
}

@article{ang2002asymmetric,
  title={Asymmetric correlations of equity portfolios},
  author={Ang, Andrew and Chen, Joseph},
  journal={Journal of financial Economics},
  volume={63},
  number={3},
  pages={443--494},
  year={2002},
  publisher={Elsevier}
}

@article{stove2014asymmetric,
  title={Asymmetric dependence patterns in financial returns: An empirical investigation using local Gaussian correlation},
  author={St{\o}ve, B{\aa}rd and Tj{\o}stheim, Dag},
  journal={Essays in Nonlinear Time Series Econometrics},
  volume={307},
  year={2014},
  publisher={Oxford University Press}
}

@article{silvapulle2001large,
  title={Large returns, conditional correlation and portfolio diversification: a value-at-risk approach},
  author={Silvapulle, Param and Granger, Clive WJ},
  year={2001},
  volume={,1:5},
  pages={542:551},
  doi={10.1080/713665877},
  publisher={Taylor & Francis}
}

@article{ang2006downside,
  title={Downside risk},
  author={Ang, Andrew and Chen, Joseph and Xing, Yuhang},
  journal={The review of financial studies},
  volume={19},
  number={4},
  pages={1191--1239},
  year={2006},
  publisher={Oxford University Press}
}

@article{okimoto2008new,
  title={New evidence of asymmetric dependence structures in international equity markets},
  author={Okimoto, Tatsuyoshi},
  journal={Journal of financial and quantitative analysis},
  volume={43},
  number={3},
  pages={787--815},
  year={2008},
  publisher={Cambridge University Press}
}

@article{hong2007asymmetries,
  title={Asymmetries in stock returns: Statistical tests and economic evaluation},
  author={Hong, Yongmiao and Tu, Jun and Zhou, Guofu},
  journal={The Review of Financial Studies},
  volume={20},
  number={5},
  pages={1547--1581},
  year={2007},
  publisher={Oxford University Press}
}

@article{chollete2009modeling,
  title={Modeling international financial returns with a multivariate regime-switching copula},
  author={Chollete, Lor{\'a}n and Heinen, Andr{\'e}as and Valdesogo, Alfonso},
  journal={Journal of financial econometrics},
  volume={7},
  number={4},
  pages={437--480},
  year={2009},
  publisher={Oxford University Press}
}

@article{garcia2011dependence,
  title={Dependence structure and extreme comovements in international equity and bond markets},
  author={Garcia, Ren{\'e} and Tsafack, Georges},
  journal={Journal of Banking \& Finance},
  volume={35},
  number={8},
  pages={1954--1970},
  year={2011},
  publisher={Elsevier}
}

@article{embrechts2002correlation,
  title={Correlation and dependence in risk management: properties and pitfalls},
  author={Embrechts, Paul and McNeil, Alexander and Straumann, Daniel},
  journal={Risk management: value at risk and beyond},
  volume={1},
  pages={176--223},
  year={2002},
  publisher={New York}
}

@article{boyer1999pitfalls,
  title={Pitfalls in Tests for Changes in Correlations},
  author={Boyer, Brian H and Gibson, Michael S and Loretan, Mico},
  journal={Available at SSRN 58460},
  year={1997}
}


@article{yan2011jump,
  title={Jump risk, stock returns, and slope of implied volatility smile},
  author={Yan, Shu},
  journal={Journal of Financial Economics},
  volume={99},
  number={1},
  pages={216--233},
  year={2011},
  publisher={Elsevier}
}

@book{nelsen2007introduction,
  title={An introduction to copulas},
  author={Nelsen, Roger B},
  year={2007},
  publisher={Springer Science \& Business Media}
}

@article{sklar1959fonctions,
  title={Fonctions de repartition an dimensions et leurs marges},
  author={Sklar, M},
  journal={Publ. inst. statist. univ. Paris},
  volume={8},
  pages={229--231},
  year={1959}
}

@article{tawn1988bivariate,
  title={Bivariate extreme value theory: models and estimation},
  author={Tawn, Jonathan A},
  journal={Biometrika},
  volume={75},
  number={3},
  pages={397--415},
  year={1988},
  publisher={Oxford University Press}
}

@article{genest1995semiparametric,
  title={A semiparametric estimation procedure of dependence parameters in multivariate families of distributions},
  author={Genest, Christian and Ghoudi, Kilani and Rivest, L-P},
  journal={Biometrika},
  volume={82},
  number={3},
  pages={543--552},
  year={1995},
  publisher={Oxford University Press}
}

@article{ang2020using,
  title={Using stocks or portfolios in tests of factor models},
  author={Ang, Andrew and Liu, Jun and Schwarz, Krista},
  journal={Journal of Financial and Quantitative Analysis},
  volume={55},
  number={3},
  pages={709--750},
  year={2020},
  publisher={Cambridge University Press}
}

@article{fama1973risk,
  title={Risk, return, and equilibrium: Empirical tests},
  author={Fama, Eugene F and MacBeth, James D},
  journal={Journal of political economy},
  volume={81},
  number={3},
  pages={607--636},
  year={1973},
  publisher={The University of Chicago Press}
}

@article{patton2006modelling,
  title={Modelling asymmetric exchange rate dependence},
  author={Patton, Andrew J},
  journal={International economic review},
  volume={47},
  number={2},
  pages={527--556},
  year={2006},
  publisher={Wiley Online Library}
}

@article{supper2020comparison,
  title={A comparison of tail dependence estimators},
  author={Supper, Hendrik and Irresberger, Felix and Wei{\ss}, Gregor},
  journal={European journal of operational research},
  volume={284},
  number={2},
  pages={728--742},
  year={2020},
  publisher={Elsevier}
}

@book{embrechts2013modelling,
  title={Modelling extremal events: for insurance and finance},
  author={Embrechts, Paul and Kl{\"u}ppelberg, Claudia and Mikosch, Thomas},
  volume={33},
  year={2013},
  publisher={Springer Science \& Business Media}
}


@book{GVK322224764,
  added-at = {2009-08-21T11:30:37.000+0200},
  author = {Cochrane, {John Howland}},
  biburl = {https://www.bibsonomy.org/bibtex/2af7531d80cedd4f8df10908880c88401/fbw_hannover},
  interhash = {891f79741c0a1482631eae82bbedd079},
  intrahash = {af7531d80cedd4f8df10908880c88401},
  isbn = {0691074984},
  keywords = {Capital-Asset-Pricing-Modell Capital_Asset_Pricing_Model Capital_assets_pricing_model Finanzierung Geld Inflation Investition Kapitalmarkt Methoden_und_Techniken_der_Volkswirtschaft Securities Theorie Wirtschaftliche_Sicherheit},
  pagetotal = {XVII, 530},
  ppn_gvk = {322224764},
  publisher = {Princeton Univ. Press},
  timestamp = {2009-08-21T11:31:22.000+0200},
  title = {Asset pricing},
  url = {http://gso.gbv.de/DB=2.1/CMD?ACT=SRCHA&SRT=YOP&IKT=1016&TRM=ppn+322224764&sourceid=fbw_bibsonomy},
  year = 2001
}



@article{botta2015quantifying,
  title={Quantifying stock return distributions in financial markets},
  author={Botta, Federico and Moat, Helen Susannah and Stanley, H Eugene and Preis, Tobias},
  journal={PloS one},
  volume={10},
  number={9},
  pages={e0135600},
  year={2015},
  publisher={Public Library of Science San Francisco, CA USA}
}

@article{harvey2000conditional,
  title={Conditional skewness in asset pricing tests},
  author={Harvey, Campbell R and Siddique, Akhtar},
  journal={The Journal of finance},
  volume={55},
  number={3},
  pages={1263--1295},
  year={2000},
  publisher={Wiley Online Library}
}

@article{fang1997co,
  title={Co-kurtosis and capital asset pricing},
  author={Fang, Hsing and Lai, Tsong-Yue},
  journal={Financial Review},
  volume={32},
  number={2},
  pages={293--307},
  year={1997},
  publisher={Wiley Online Library}
}

@article{dittmar2002nonlinear,
  title={Nonlinear pricing kernels, kurtosis preference, and evidence from the cross section of equity returns},
  author={Dittmar, Robert F},
  journal={The Journal of Finance},
  volume={57},
  number={1},
  pages={369--403},
  year={2002},
  publisher={Wiley Online Library}
}

@article{fama1993common,
  title={Common risk factors in the returns on stocks and bonds},
  author={Fama, Eugene F and French, Kenneth R},
  journal={Journal of financial economics},
  volume={33},
  number={1},
  pages={3--56},
  year={1993},
  publisher={Elsevier}
}

@article{landis2021guidelines,
  title={Guidelines for asset pricing research using international equity data from Thomson Reuters Datastream},
  author={Landis, Conrad and Skouras, Spyros},
  journal={Journal of Banking \& Finance},
  volume={130},
  pages={106128},
  year={2021},
  publisher={Elsevier}
}

@article{fama2015five,
  title={A five-factor asset pricing model},
  author={Fama, Eugene F and French, Kenneth R},
  journal={Journal of financial economics},
  volume={116},
  number={1},
  pages={1--22},
  year={2015},
  publisher={Elsevier}
}